@article{KT,
	ISSN = {00129682, 14680262},
	URL = {http://www.jstor.org/stable/1914185},
	author = {Daniel Kahneman and Amos Tversky},
	journal = {Econometrica},
	number = {2},
	pages = {263-291},
	publisher = {[Wiley, Econometric Society]},
	title = {Prospect Theory: An Analysis of Decision under Risk},
	volume = {47},
	year = {1979}
}
